@Misc{biosnapnets,
  author       = {Marinka Zitnik, Rok Sosi\v{c}, Sagar Maheshwari, and Jure Leskovec},
  howpublished = {\url{http://snap.stanford.edu/biodata}},
  month        = aug,
  title        = {{BioSNAP Datasets}: {Stanford} Biomedical Network Dataset Collection},
  year         = {2018},
}

@Article{SafariAlighiarloo2014,
  author  = {Safari-Alighiarloo N. and Taghizadeh M. and Rezaei-Tavirani M. and Goliaei B. and Peyvandi A.A.},
  journal = {Gastroenterol Hepatol Bed Bench},
  title   = {Protein-protein interaction networks (PPI) and complex diseases},
  year    = {2014},
  month   = dec,
  number  = {1},
  pages   = {17-31},
  volume  = {7},
}

@Misc{Newman2006,
  author       = {Mark Newman},
  howpublished = {University of Michigan},
  title        = {Power laws, Pareto distributions and Zipf’s law},
  year         = {2006},
  url          = {https://public.websites.umich.edu/~mejn/courses/2006/cmplxsys899/powerlaws.pdf},
}

@Article{Wang2010,
  author    = {Wang, Jianxin and Li, Min and Deng, Youping and Pan, Yi},
  journal   = {BMC Genomics},
  title     = {Recent advances in clustering methods for protein interaction networks},
  year      = {2010},
  issn      = {1471-2164},
  number    = {Suppl 3},
  pages     = {S10},
  volume    = {11},
  doi       = {10.1186/1471-2164-11-s3-s10},
  publisher = {Springer Science and Business Media LLC},
}

@Book{Barabasi2015,
  author    = {Albert-László Barabási},
  publisher = {Cambridge University Press},
  title     = {Network Science},
  year      = {2015},
}

@Comment{jabref-meta: databaseType:bibtex;}
